% Encoding: UTF-8

@WWW{Dickson2018,
  author = {Dickson, Andrew},
  title  = {A.I. and the Art of Spotting Fakes},
  year   = {2018},
  date   = {2018-07-20},
  url    = {https://medium.com/s/story/a-i-and-the-art-of-spotting-fakes-6a674b0bdfef},
}

@WWW{Elgammal2017,
  author = {Elgammal, Ahmed},
  title  = {Picasso, Matisse, or a Fake? A.I. for Attribution and Authentication of Art at the Stroke Level},
  year   = {2017},
  date   = {2017-11-16},
  url    = {https://medium.com/@ahmed_elgammal/picasso-matisse-or-a-fake-a-i-for-attribution-and-autehntication-of-art-at-the-stroke-level-f4ec329c8c26},
}

@WWW{Pim2018,
  author = {Pim, Harrison},
  title  = {A new kind of image search},
  year   = {2018},
  date   = {2017-10-18},
  url    = {https://stacks.wellcomecollection.org/a-new-kind-of-image-search-5870c2cdadcb},
}

@WWW{Pim2018a,
  author = {Pim, Harrison},
  title  = {Exploring Wellcome Collection with computer vision},
  year   = {2018},
  date   = {2017-10-17},
  url    = {https://stacks.wellcomecollection.org/exploring-wellcome-collection-with-computer-vision-7513dff8126d},
}

@WWW{Moriarty2018,
  author = {Moriarty, Adam},
  title  = {Computers Colouring the Collections},
  year   = {2018},
  date   = {2018-07-23},
  url    = {https://medium.com/aucklandmuseum/computers-colouring-the-collections-a32054295b1e},
}

@WWW{Moriarty2018a,
  author = {Moriarty, Adam},
  title  = {AI and Museum Collections},
  year   = {2018},
  date   = {2018-07-23},
  url    = {https://medium.com/@adamrmor/ai-and-museum-collections-c74bdb724c07},
}

@WWW{Drygalska2018,
  author = {Drygalska, Ewa},
  title  = {Museum Treasures - AI at the National Museum in Warsaw},
  year   = {2018},
  date   = {2018-10-12},
  url    = {https://medium.com/new-technologies-in-museum/museum-treasures-ai-at-the-national-museum-in-warsaw-e6cfc50329ab},
}

@WWW{Knott2017,
  author = {Knott, Jonathan},
  title  = {Using AI to analyse collections},
  year   = {2017},
  date   = {2017-02-14},
  url    = {https://www.museumsassociation.org/museum-practice/artificial-intelligence/14022017-using-ai-to-analyse-collections},
}

@WWW{ING2016,
  author = {ING},
  title  = {The Next Rembrandt},
  year   = {2016},
  url    = {https://www.nextrembrandt.com/},
}

@Online{Sood2016,
  author = {Sood, Amit},
  title  = {Every piece of art you've ever wanted to see - up cloase and searchable},
  year   = {2016},
  url    = {https://www.ted.com/talks/amit_sood_every_piece_of_art_you_ve_ever_wanted_to_see_up_close_and_searchable/up-next},
}

@WWW{Diagne2017,
  author = {Diagne, Cyril and Gaël, Hugo},
  editor = {Experiments with Google},
  title  = {Tags. Could computers help identify artworks?},
  year   = {2017},
  url    = {https://experiments.withgoogle.com/tags},
}

@WWW{PhysicsBlog2014,
  author   = {{The Physics arXiv Blog}},
  title    = {When a machine learning algorithm studied fine art paintings , it was things art historians had never noticed},
  year     = {2014},
  date     = {2015-08-18},
  url      = {https://medium.com/the-physics-arxiv-blog/when-a-machine-learning-algorithm-studied-fine-art-paintings-it-saw-things-art-historians-had-never-b8e4e7bf7d3e},
  subtitle = {Artificial intelligence reveals previously unrecognised influences between great artists},
}

@WWW{Rowe2017,
  author = {Rowe, Paul},
  title  = {Looking at Sarjeant Gallery’s collection through robot eyes},
  year   = {2017},
  date   = {2017-10-31},
  url    = {https://medium.com/@armchair_caver/looking-at-sarjeant-gallerys-collection-through-robot-eyes-c7fd0281814e},
}

@TechReport{Elgammal2018,
  author      = {Elgammal, Ahmed and Mazzone, Marian and Liu, Binchen and Kim, Diana and Elhoseiny, Mohammed},
  title       = {The Shape of Art History in the Eyes of the Machine},
  institution = {Rutgers University and College of Charlston},
  year        = {2018},
}

@TechReport{Sabatteli2018,
  author      = {Sabatteli, Matthia and Kestemont, Mike and Daelemans, Walter and Geurts, Pierre},
  title       = {Deep Transfer Learning for Art Classification Problems},
  institution = {Université de Liège and Universiteit Antwerpen},
  year        = {2018},
}

@Comment{jabref-meta: databaseType:biblatex;}
